% Encoding: UTF8

@ARTICLE{Fabre2010a,
  author = {Fabre, J.C. and Louchart, X. and Moussa, R. and Dagès, C. and Colin, F. and Rabotin, M.
            and Raclot, D. and Lagacherie, P. and Voltz M.},
  title = {OpenFLUID: a software environment for modelling fluxes in landscapes},
  booktitle = {LANDMOD2010},
  year = {2010},
  address = {Montpellier, France},
  publisher = {Symposcience},
  isbn = {978-2-7592-0859-3},
  url = {https://www.openfluid-project.org/resources/biblio/LANDMOD2010_OpenFLUID.pdf}
}

@INPROCEEDINGS{Fabre2013,
  author = {Fabre, J.-C. and Rabotin, M. and Crevoisier, D. and Libres, A. and Dagès, C. and Moussa, R. and Lagacherie, Ph. and Raclot, D. and Voltz, M.},
  title = {OpenFLUID: an open-source software environment for modelling fluxes in landscapes},
  booktitle = {Vol. 15, EGU2013-8821-1, EGU General Assembly 2013},
  year = {2013},
  address = {Vienna (Austria)},
  month = {April, 7-12},
  pdf = {Fabre_OpenFLUID_EGU2013_CC.pdf}
}

@INPROCEEDINGS{Rabotin2013,
  author = {Rabotin, M. and Fabre, J.-C. and Libres, A. and Lagacherie, Ph. and Crevoisier, D. and Moussa, R.},
  title = {Using graph approach for managing connectivity in integrative landscape modelling},
  booktitle = {Vol. 15, EGU2013-8851, EGU General Assembly 2013},
  year = {2013},
  address = {Vienna (Austria)},
  month = {April, 7-12},
  pdf = {Rabotin_OpenFLUID_EGU2013_CC.pdf},
}